<?xml version="1.0" encoding="UTF-8" ?><marc:record xmlns:marc="http://www.loc.gov/MARC21/slim"><marc:leader>00650nam a2200109   4500</marc:leader><marc:controlfield tag="001">1001032</marc:controlfield><marc:controlfield tag="008">100120s1843        enk       |00|| und d</marc:controlfield><marc:datafield tag="100" ind1="1" ind2=" "><marc:subfield code="a">Darwin, Charles.</marc:subfield></marc:datafield><marc:datafield tag="245" ind1="1" ind2="0"><marc:subfield code="a">The regions of vegetation, being an analysis of the distribution of vegetable forms over the surface of the globe in connection with climate and physical agents. :</marc:subfield><marc:subfield code="b">[Supplementary material in Charles Darwin's copy].</marc:subfield></marc:datafield><marc:datafield tag="500" ind1=" " ind2=" "><marc:subfield code="a">Identifier: Hinds1843bk72Y_MS.</marc:subfield></marc:datafield><marc:datafield tag="700" ind1="1" ind2=" "><marc:subfield code="a">Hinds, Richard Brinsley.</marc:subfield></marc:datafield><marc:datafield tag="772" ind1="0" ind2=" "><marc:subfield code="t">The regions of vegetation, being an analysis of the distribution of vegetable forms over the surface of the globe in connection with climate and physical agents.</marc:subfield><marc:subfield code="o">Hinds1843bk72Y</marc:subfield></marc:datafield></marc:record>